% NOTAS:
% Libros online: publisher={\url{}}

% ··············································································

@Book{fernandez2019intror,
  author = {Fern\'andez-Casal, Rub\'en and Roca-Pardi\~nas, Javier and Costa, Juli\'an},
  title  = {Introducci\'on al An\'alisis de Datos con R},
  year   = {2019},
  url    = {https://rubenfcasal.github.io/intror},
}

% Cao R. y Fernández-Casal R. (2022). *Técnicas de Remuestreo*. <https://rubenfcasal.github.io/book_remuestreo>.

@book{fernandez2022remuestreo,
 title={T\'ecnicas de Remuestreo},
  author={Fern\'andez-Casal, Rub\'en and Cao Abad, Ricardo},
  year={2022},
  url={https://rubenfcasal.github.io/book_remuestreo/}
}



% R, articulos paquetes
% ··············································································

@Manual{rcore2023,
  title = {R: A Language and Environment for Statistical Computing},
  author = {{R Core Team}},
  organization = {R Foundation for Statistical Computing},
  address = {Vienna, Austria},
  year = {2023},
  url = {https://www.R-project.org/},
}

@book{Venables2002Modern,
  author = {Venables, W. N. and Ripley, B. D.},
  doi = {10.1007/978-0-387-21706-2},
  isbn = {978-1-4419-3008-8},
  keywords = {visualisation textbook statistics manual},
  publisher = {Springer New York},
  title = {Modern Applied Statistics with S},
  url = {http://www.stats.ox.ac.uk/pub/MASS4/},
  year = {2002}
}

% Bookdown, rmarkdown
% ··············································································

@Book{xie2015,
  author    = {Yihui Xie},
  publisher = {Chapman and Hall/CRC},
  title     = {Dynamic Documents with {R} and knitr},
  year      = {2015},
  address   = {Boca Raton, Florida},
  edition   = {segunda},
  note      = {ISBN 978-1498716963},
  url       = {http://yihui.org/knitr/},
}


@Book{xie2018r,
  author    = {Xie, Yihui and Allaire, J.J. and Grolemund, Garrett},
  publisher = {CRC Press},
  title     = {R Markdown: The Definitive Guide},
  year      = {2018},
  doi       = {10.1201/9781138359444},
  url       = {https://bookdown.org/yihui/rmarkdown/},
}

@book{xie2016bookdown,
  author    = {Xie, Yihui},
  publisher = {Chapman and Hall/CRC},
  title     = {Bookdown: Authoring Books and Technical Documents with R Markdown},
  year      = {2016},
  doi       = {10.1201/9781315204963},
}


% Bibliografía básica
% ··············································································

% Cao, R. (2002). *Introducción a la simulación y a la teoría de colas*. NetBiblo.

@Book{abad2002,
  author    = {Abad, R.C.},
  publisher = {Netbiblo},
  title     = {Introducci{\'o}n a la Simulaci{\'o}n y a la Teor{\'i}a de Colas},
  year      = {2002},
  isbn      = {9788497450171},
  series    = {Cat{\'a}logo General},
  url       = {https://books.google.es/books?id=lET6IPBm2vMC},
}

% Gentle, J.E. (2003). *Random number generation and Monte Carlo methods*. Springer‐Verlag.

@book{gentle2013random,
  title={Random Number Generation and Monte Carlo Methods},
  author={Gentle, J.E.},
  isbn={9781475729603},
  lccn={98016709},
  series={Statistics and Computing},
  url={https://link.springer.com/book/10.1007/b97336},
  year={2013},
  publisher={Springer New York}
}

% Jones, O. et al. (2014). *Introduction to Scientific Programming and Simulation Using R*. CRC.

@book{jones2014introduction,
  title={Introduction to Scientific Programming and Simulation Using R, Second Edition},
  author={Jones, O. and Maillardet, R. and Robinson, A.},
  isbn={9781466569997},
  lccn={2012276711},
  series={Chapman \& Hall/CRC The R Series},
  url={https://doi.org/10.1201/b17079},
  year={2014},
  publisher={Taylor \& Francis}
}


%% Ripley, B.D. (1987). *Stochastic Simulation*. John Wiley & Sons.
% Ripley, B.D. (2006). *Stochastic Simulation*. John Wiley & Sons.

@book{ripley1987stochastic,
  title={Stochastic Simulation},
  author={Ripley, B.D.},
  isbn={978-0-470-00960-4},
  lccn={86015728},
  series={Wiley Series in Probability and Statistics},
  url={https://www.wiley.com/en-us/Stochastic+Simulation-p-9780470009604},
  year={1987},
  publisher={Wiley}
}

% Robert, C.P. y G. Casella (2010). *Introducing Monte Carlo Methods with R*. Springer.

@book{robert2010introducing,
  title={Introducing Monte Carlo Methods with R},
  author={Robert, C. and Casella, G.},
  isbn={9781441915757},
  lccn={2009941076},
  series={Use R!},
  url={https://link.springer.com/book/10.1007/978-1-4419-1576-4},
  year={2010},
  publisher={Springer}
}

% Ross, S.M. (1999).*Simulation*. Prentice Hall.

@book{ross1999simulation,
  title={Simulation},
  author={Ross, Sheldon M},
  year={1999},
  publisher={Prentice Hall}
}

% Suess, E.A. y Trumbo, B.E. (2010). *Introduction to probability simulation and Gibbs sampling with R*. Springer.

@book{suess2010introduction,
  title={Introduction to Probability Simulation and Gibbs Sampling with R},
  author={Suess, E.A. and Trumbo, B.E.},
  isbn={9780387402734},
  lccn={2010928331},
  series={Use R!},
  url={https://link.springer.com/book/10.1007/978-0-387-68765-0},
  year={2010},
  publisher={Springer}
}


% Bibliografía complementaria
% ··············································································

% Azarang, M. R. y García Dunna, E. (1996). *Simulación y análisis de modelos estocásticos*. McGraw-Hill.

% Bratley, P., Fox, B.L. y Schrage L.E. (1983). *A guide to simulation*. Springer-Verlag.

@book{bratley1983guide,
  title={A Guide to Simulation},
  author={Bratley, P. and Fox, B.L. and Schrage, L.E.},
  isbn={9781468401677},
  lccn={83000371},
  url={https://link.springer.com/book/10.1007/978-1-4684-0167-7},
  year={1983},
  publisher={Springer}
}

% Davison, A.C. y Hinkley, D.V. (1997). *Bootstrap Methods and Their Application*. Cambridge University Press.

@book{davison1997bootstrap,
  title={Bootstrap Methods and Their Application},
  author={Davison, A.C. and Hinkley, D.V.},
  isbn={9780521574716},
  lccn={96030064},
  series={Bootstrap Methods and Their Application},
  url={https://doi.org/10.1017/CBO9780511802843},
  year={1997},
  publisher={Cambridge University Press}
}

% Devroye, L. (1986). *Non-uniform random variate generation*. Springer-Verlag.

@book{devroye1986non,
  title={Non-Uniform Random Variate Generation},
  author={Devroye, L.},
  isbn={9781461386438},
  lccn={86003783},
  url={https://link.springer.com/book/10.1007/978-1-4613-8643-8},
  year={1986},
  publisher={Springer}
}

% Evans, M. y Swartz, T. (2000). *Approximating integrals via Monte Carlo and determinstic methods*. Oxford University Press.

@book{evans2000approximating,
  title={Approximating Integrals via Monte Carlo and Deterministic Methods},
  author={Evans, M. and Swartz, T.},
  isbn={9780191589874},
  series={Oxford Statistical Science Series},
  url={https://global.oup.com/academic/product/approximating-integrals-via-monte-carlo-and-deterministic-methods-9780198502784},
  year={2000},
  publisher={Oxford University Press}
}

%% Hörmann, W. et al. (2004). *Automatic Nonuniform Random Variate Generation*. Springer.

@book{hormann2004,
  title={Automatic Nonuniform Random Variate Generation},
  author={H{\"o}rmann, W. and Leydold, J. and Derflinger, G.},
  isbn={9783662059463},
  series={Statistics and Computing},
  url={https://link.springer.com/book/10.1007/978-3-662-05946-3},
  year={2004},
  publisher={Springer}
}

% Law, A.M. y Kelton, W.D. (1991). *Simulation, modeling and analysis*. McGraw-Hill.

@Book{law1991,
  author    = {Law, A.M. and Kelton, W.D.},
  publisher = {McGraw-Hill},
  title     = {Simulation, modeling and analysis},
  year      = {1991},
}


% Moeschlin, O., Grycko, E., Pohl, C. y Steinert, F. (1998). *Experimental stochastics*. Springer-Verlag.

@book{moeschlin1998experimental,
  title={Experimental Stochastics},
  author={Moeschlin, O. and Johns, R. and Grycko, E. and Pohl, C. and Steinert, F.},
  isbn={9783540146193},
  lccn={2002555904},
  year={1998},
  publisher={Springer}
}

% Nelson, R. (1995). *Probability, stochastic processes, and queueing theory: the mathematics of computer performance modelling*. Springer-Verlag.

@book{nelson1995,
	author = {Randolph Nelson},
	title = {Probability, Stochastic Processes, and Queueing Theory},
	doi = {10.1007/978-1-4757-2426-4},
	url = {https://doi.org/10.1007%2F978-1-4757-2426-4},
	year = {1995},
	publisher = {Springer}
}


% Pardo, L. y Valdés, T. (1987). *Simulación. Aplicaciones prácticas a la empresa*. Díaz de Santos.

@book{pardo1987simulacion,
  title={Simulaci{\'o}n: Aplicaciones Pr{\'a}cticas en la Empresa},
  author={Pardo, L. and Llorente, L.P. and S{\'a}nchez, T.V. and Vald{\'e}s, T.},
  isbn={9788486251598},
  series={Colecci{\'o}n Gesti{\'o}n Informatizada Series},
  year={1987},
  publisher={Diaz de Santos}
}

% Robert, C.P. y G. Casella (2004). *Monte Carlo statistical methods*. Springer.

@book{robert2004mc,
  title={Monte Carlo Statistical Methods},
  author={Robert, C. and Casella, G.},
  isbn={9781475730715},
  lccn={98055413},
  series={Springer Texts in Statistics},
  url={https://link.springer.com/book/10.1007/978-1-4757-4145-2},
  year={2004},
  publisher={Springer}
}

% Shao, J. (2003). *Mathematical statistics*. Springer.

@book{shao2003mathematical,
  title={Mathematical Statistics},
  author={Shao, J.},
  isbn={9780387953823},
  lccn={98045794},
  series={Springer Texts in Statistics},
  url={https://link.springer.com/book/10.1007/b97553},
  year={2003},
  publisher={Springer}
}


% Bibliografía completa
% ··············································································

%% Demirhan, H. y Bitirim, N. (2016). [CryptRndTest: an R package for testing the cryptographic randomness](https://journal.r-project.org/archive/2016/RJ-2016-016/index.html). *The R Journal*, 8(1), 233-247.

@article{demirhan2016,
	author = {Haydar Demirhan and Nihan Bitirim},
	title = {{CryptRndTest}: An R Package for Testing the Cryptographic Randomness},
	journal = {The R Journal},
	doi = {10.32614/rj-2016-016},
	url = {https://doi.org/10.32614%2Frj-2016-016},
	year = {2016},
	publisher = {The R Foundation},
	volume = {8},
	number = {1},
	pages = {233--247}
}

%% Downham, D.Y. (1970). Algorithm AS 29: The runs up and down test. *Journal of the Royal Statistical Society*. Series C (Applied Statistics), 19(2), 190-192.

@article{downham1970,
	author = {D. Y. Downham},
	title = {Algorithm {AS} 29: The Runs Up and Down Test},
	journal = {Applied Statistics},
	doi = {10.2307/2346558},
	url = {https://doi.org/10.2307%2F2346558},
	year = {1970},
	publisher = {{JSTOR}},
	volume = {19},
	number = {2},
	pages = {190--192}
}

%% Gilks, W.R. y Wild, P. (1992). Adaptive rejection sampling for Gibbs sampling. *Journal of the Royal Statistical Society*. Series C (Applied Statistics), 41(2), 337-348.

@article{gilks1992,
	author = {W. R. Gilks and P. Wild},
	title = {Adaptive Rejection Sampling for Gibbs Sampling},
	journal = {Applied Statistics},
	doi = {10.2307/2347565},
	url = {https://doi.org/10.2307%2F2347565},
	year = {1992},
	publisher = {{JSTOR}},
	volume = {41},
	number = {2},
	pages = {337--348}
}

%% Hall, S.W. (1994). Analysis of defectivity of semiconductor wafers by contingency table, *Proceedings of the Institute of Environmental Sciences*, **1**, 177-183.

@Article{hall1994,
  author  = {Hall, S.W.},
  journal = {Proceedings of the Institute of Environmental Sciences},
  title   = {Analysis of defectivity of semiconductor wafers by contingency table},
  year    = {1994},
  pages   = {177--183},
  volume  = {1},
}

%% Hyndman, R.J. y Athanasopoulos, G. (2018). *Forecasting: principles and practice*. OTexts.
% Disponible online: [2nd edition (forecast)](https://otexts.com/fpp2), [third edition (fable)](https://otexts.com/fpp3).

@book{hyndman2018,
  title={Forecasting: principles and practice (2nd edition)},
  author={Hyndman, Rob J and Athanasopoulos, George},
  url={https://otexts.com/fpp2},
  year={2018},
  publisher={OTexts}
}

% Hyndman, R.J. y Athanasopoulos, G. (2021). *Forecasting: principles and practice*. OTexts.

@book{hyndman2021,
  title={Forecasting: principles and practice (3rd edition)},
  author={Hyndman, Rob J and Athanasopoulos, George},
  url={https://otexts.com/fpp3},
  year={2021},
  publisher={OTexts}
}

%% Hofert, M. (2018). *Elements of Copula Modeling with R*, Springer.

@Book{hofert2018,
  author    = {Marius Hofert and Ivan Kojadinovic and Martin M{\"a}chler and Jun Yan},
  publisher = {Springer},
  title     = {Elements of Copula Modeling with R},
  year      = {2018},
  doi       = {10.1007/978-3-319-89635-9},
  url       = {https://doi.org/10.1007%2F978-3-319-89635-9},
}

%%

@article{hormann1995,
  title={A rejection technique for sampling from T-concave distributions},
  author={H{\"o}rmann, Wolfgang},
  journal={ACM Transactions on Mathematical Software (TOMS)},
  volume={21},
  number={2},
  pages={182--193},
  year={1995},
  publisher={ACM New York, NY, USA}
}

%% Kinderman, A.J. y Monahan, J.F. (1977). Computer generation of random variables using the ratio of uniform deviates. *ACM Transactions on Mathematical Software (TOMS)*, 3(3), 257-260.

@Article{kinderman1977,
  author    = {A. J. Kinderman and J. F. Monahan},
  journal   = {{ACM} Transactions on Mathematical Software},
  title     = {Computer Generation of Random Variables Using the Ratio of Uniform Deviates},
  year      = {1977},
  number    = {3},
  pages     = {257--260},
  volume    = {3},
  doi       = {10.1145/355744.355750},
  publisher = {Association for Computing Machinery ({ACM})},
  url       = {https://doi.org/10.1145%2F355744.355750},
}

%% Knuth, D.E. (1969). *The Art of Computer Programming*. Volume 2. Addison-Wesley.

@book{knuth1969,
  title={The Art of Computer Programming: Semi-numerical algorithms},
  author={Knuth, D.E.},
  isbn={9780201038026},
  lccn={67026020},
  year={1969},
  volume={2},
  url={https://www-cs-faculty.stanford.edu/~knuth/taocp.html},
  publisher={Addison-Wesley}
}

%% Knuth, D.E. (2002). *The Art of Computer Programming*. Volume 2, third edition, ninth printing. Addison-Wesley.

@book{knuth2002,
  author = {Knuth, D.E.},
  year = {2002},
  title = {The Art of Computer Programming},
  volume = {2},
  edition = {tercera},
  note = {novena impresi\'on},
  publisher = {Addison-Wesley}
}

%% L'Ecuyer, P. (1999). Good parameters and implementations for combined multiple recursive random number generators. Operations Research, 47(1), 159-164.

@Article{lecuyer99,
  author    = {Pierre L'Ecuyer},
  journal   = {Operations Research},
  title     = {Good Parameters and Implementations for Combined Multiple Recursive Random Number Generators},
  year      = {1999},
  number    = {1},
  pages     = {159--164},
  volume    = {47},
  doi       = {10.1287/opre.47.1.159},
  publisher = {Institute for Operations Research and the Management Sciences ({INFORMS})},
  url       = {https://doi.org/10.1287%2Fopre.47.1.159},
}

%% L'Ecuyer, P., Simard, R., Chen, E. J., & Kelton, W. D. (2002). An object-oriented random-number package with many long streams and substreams. Operations research, 50(6), 1073-1075.

@Article{lecuyer02,
  author    = {L'Ecuyer, Pierre and Simard, Richard and Chen, E Jack and Kelton, W David},
  journal   = {Operations research},
  title     = {An object-oriented random-number package with many long streams and substreams},
  year      = {2002},
  number    = {6},
  pages     = {1073--1075},
  volume    = {50},
  publisher = {INFORMS},
}

@Article{lecuyer07,
  author    = {Pierre L'Ecuyer and Richard Simard},
  journal   = {{ACM} Transactions on Mathematical Software},
  title     = {{TestU}01},
  year      = {2007},
  number    = {4},
  pages     = {1--40},
  volume    = {33},
  doi       = {10.1145/1268776.1268777},
  publisher = {Association for Computing Machinery ({ACM})},
  url       = {https://doi.org/10.1145%2F1268776.1268777},
}


%% Liu, J.S. (2004). *Monte Carlo strategies in scientific computing*. Springer.

@book{liu2004,
	author = {Jun S. Liu},
	title = {Monte Carlo Strategies in Scientific Computing},
	doi = {10.1007/978-0-387-76371-2},
	url = {https://doi.org/10.1007%2F978-0-387-76371-2},
	year = {2004},
	publisher = {Springer}
}

%% Marsaglia, G. y Tsang, W.W. (2002). [Some difficult-to-pass tests of randomness](http://www.jstatsoft.org/v07/i03). *Journal of Statistical Software*, 7(3), 1-9.

@article{marsaglia2002,
	author = {George Marsaglia and Wai Wan Tsang},
	title = {Some Difficult-to-Pass Tests of Randomness},
	journal = {Journal of Statistical Software},
	doi = {10.18637/jss.v007.i03},
	url = {https://doi.org/10.18637%2Fjss.v007.i03},
	year = {2002},
	publisher = {Foundation for Open Access Statistic},
	volume = {7},
	number = {3}
}

%% Marsaglia, G., Zaman, A. y Tsang, W.W. (1990). Toward a universal random number generator. *Stat. Prob. Lett.*, 9(1), 35-39.

@Article{marsaglia1990,
  author    = {George Marsaglia and Arif Zaman and Wai Wan Tsang},
  journal   = {Statistics \& Probability Letters},
  title     = {Toward a universal random number generator},
  year      = {1990},
  number    = {1},
  pages     = {35--39},
  volume    = {9},
  doi       = {10.1016/0167-7152(90)90092-l},
  publisher = {Elsevier},
  url       = {https://doi.org/10.1016%2F0167-7152%2890%2990092-l},
}

%% Matsumoto, M. y Nishimura, T. (1998). Mersenne Twister: A 623-dimensionally equidistributed uniform pseudo-random number generator, *ACM Transactions on Modeling and Computer Simulation*, 8, 3–30.

@article{matsumoto1998,
	author = {Makoto Matsumoto and Takuji Nishimura},
	title = {Mersenne twister: A 623-dimensionally equidistributed uniform pseudo-random number generator},
	journal = {{ACM} Transactions on Modeling and Computer Simulation},
	doi = {10.1145/272991.272995},
	url = {https://doi.org/10.1145%2F272991.272995},
	year = {1998},
	publisher = {Association for Computing Machinery ({ACM})},
	volume = {8},
	number = {1},
	pages = {3--30}
}

%% Nelsen, R.B. (2006). *An introduction to copulas*, second edition, Springer.

@book{nelsen2006,
  title={An introduction to copulas},
  author={Nelsen, Roger B},
  year={2006},
  edition = {2nd},
  publisher={Springer}
}

%% Odeh, R.E. y Evans, J.O. (1974). The percentage points of the normal distribution. *Journal of the Royal Statistical Society*. Series C (Applied Statistics), 23(1), 96-97.

@article{odeh1974,
	author = {R. E. Odeh and J. O. Evans},
	title = {Algorithm {AS} 70: The Percentage Points of the Normal Distribution},
	journal = {Applied Statistics},
	doi = {10.2307/2347061},
	url = {https://doi.org/10.2307%2F2347061},
	year = {1974},
	publisher = {{JSTOR}},
	volume = {23},
	number = {1},
	pages = {96--97}
}

%% Patefield, W.M. (1981). [Algorithm AS 159: An efficient method of generating random r x c tables with given row and column totals](https://doi.org/10.2307/2346669). *Applied Statistics*, 30, 91–97.

@Article{patefield1981,
  author    = {W. M. Patefield},
  journal   = {Applied Statistics},
  title     = {Algorithm {AS} 159: An Efficient Method of Generating Random R $\times$ C Tables with Given Row and Column Totals},
  year      = {1981},
  number    = {1},
  pages     = {91--97},
  volume    = {30},
  doi       = {10.2307/2346669},
  publisher = {{JSTOR}},
  url       = {https://doi.org/10.2307%2F2346669},
}

%% Park, S.K. y Miller , K.W. (1988). Random number generators: good ones are hard to find. *Communications of the ACM*, 31(10), 1192-1201.

@article{park1988,
	author = {S. K. Park and K. W. Miller},
	title = {Random number generators: good ones are hard to find},
	journal = {Communications of the {ACM}},
	doi = {10.1145/63039.63042},
	url = {https://doi.org/10.1145%2F63039.63042},
	year = {1988},
	publisher = {Association for Computing Machinery ({ACM})},
	volume = {31},
	number = {10},
	pages = {1192--1201}
}


%% Park, S.K., Miller, K.W. y Stockmeyer, P.K. (1993). Technical correspondence. *Communications of the ACM*, 36(7), 108-110.

@article{park1993,
  title={Technical correspondence: Response},
  author={Park, Stephen K and Miller, Keith W and Stockmeyer, Paul K},
  journal={Communications of the {ACM}},
  volume={36},
  number={7},
  pages={108--110},
  year={1993}
}

%% *Sample importance resampling*, Rubin, 1987

@article{rubin1987,
  title={The calculation of posterior distributions by data augmentation: Comment: A noniterative sampling/importance resampling alternative to the data augmentation algorithm for creating a few imputations when fractions of missing information are modest: The SIR algorithm},
  author={Rubin, Donald B},
  journal={Journal of the American Statistical Association},
  volume={82},
  number={398},
  pages={543--546},
  year={1987},
  publisher={JSTOR}
}

%% Wichura, M.J. (1988) Algorithm AS 241: The Percentage Points of the Normal Distribution. *Applied Statistics*, 37, 477–484.

@article{wichura1988,
	author = {Michael J. Wichura},
	title = {Algorithm {AS} 241: The Percentage Points of the Normal Distribution},
	journal = {Applied Statistics},
	doi = {10.2307/2347330},
	url = {https://doi.org/10.2307%2F2347330},
	year = {1988},
	volume = {37},
	number = {3},
	pages = {477--484}
}

% ··············································································

@book{spinoza1667ethics,
  title={Ethics},
  author={Spinoza, Baruch},
  year={1677}
}


@book{shannon1975systems,
	title={Systems Simulation: The Art and Science},
	author={Shannon, R.E.},
	isbn={9780138818395},
	year={1975},
	publisher={Prentice-Hall}
}

@Comment{jabref-meta: databaseType:bibtex;}

% ··············································································

% Bratley et al., 1987

% L’Ecuyer, 1988

% Hacking, 1965

% Hull y Dobell, 1962
