@Manual{R-base,
  title = {R: A Language and Environment for Statistical Computing},
  author = {{R Core Team}},
  organization = {R Foundation for Statistical Computing},
  address = {Vienna, Austria},
  year = {2021},
  url = {https://www.R-project.org/},
}

@Manual{R-bookdown,
  title = {bookdown: Authoring Books and Technical Documents with R Markdown},
  author = {Yihui Xie},
  year = {2021},
  note = {R package version 0.24},
  url = {https://CRAN.R-project.org/package=bookdown},
}

@Manual{R-boot,
  title = {boot: Bootstrap Functions (Originally by Angelo Canty for S)},
  author = {Angelo Canty and Brian Ripley},
  year = {2021},
  note = {R package version 1.3-28},
  url = {https://CRAN.R-project.org/package=boot},
}

@Manual{R-car,
  title = {car: Companion to Applied Regression},
  author = {John Fox and Sanford Weisberg and Brad Price},
  year = {2021},
  note = {R package version 3.0-11},
  url = {https://CRAN.R-project.org/package=car},
}

@Manual{R-carData,
  title = {carData: Companion to Applied Regression Data Sets},
  author = {John Fox and Sanford Weisberg and Brad Price},
  year = {2020},
  note = {R package version 3.0-4},
  url = {https://CRAN.R-project.org/package=carData},
}

@Manual{R-copula,
  title = {copula: Multivariate Dependence with Copulas},
  author = {Marius Hofert and Ivan Kojadinovic and Martin Maechler and Jun Yan},
  year = {2020},
  note = {R package version 1.0-1},
  url = {http://copula.r-forge.r-project.org/},
}

@Manual{R-DEoptim,
  title = {DEoptim: Global Optimization by Differential Evolution},
  author = {David Ardia and Katharine Mullen and Brian Peterson and Joshua Ulrich},
  year = {2021},
  note = {R package version 2.2-6},
  url = {https://github.com/ArdiaD/DEoptim},
}

@Manual{R-forecast,
  title = {forecast: Forecasting Functions for Time Series and Linear Models},
  author = {Rob Hyndman and George Athanasopoulos and Christoph Bergmeir and Gabriel Caceres and Leanne Chhay and Mitchell O'Hara-Wild and Fotios Petropoulos and Slava Razbash and Earo Wang and Farah Yasmeen},
  year = {2021},
  note = {R package version 8.15},
  url = {https://CRAN.R-project.org/package=forecast},
}

@Manual{R-geoR,
  title = {geoR: Analysis of Geostatistical Data},
  author = {Paulo J. {Ribeiro Jr} and Peter J. Diggle and Martin Schlather and Roger Bivand and Brian Ripley},
  year = {2020},
  note = {R package version 1.8-1},
  url = {http://www.leg.ufpr.br/geoR},
}

@Manual{R-knitr,
  title = {knitr: A General-Purpose Package for Dynamic Report Generation in R},
  author = {Yihui Xie},
  year = {2021},
  note = {R package version 1.33},
  url = {https://yihui.org/knitr/},
}

@Manual{R-MASS,
  title = {MASS: Support Functions and Datasets for Venables and Ripley's MASS},
  author = {Brian Ripley},
  year = {2021},
  note = {R package version 7.3-54},
  url = {http://www.stats.ox.ac.uk/pub/MASS4/},
}

@Manual{R-nortest,
  title = {nortest: Tests for Normality},
  author = {Juergen Gross and Uwe Ligges},
  year = {2015},
  note = {R package version 1.0-4},
  url = {https://CRAN.R-project.org/package=nortest},
}

@Manual{R-plot3D,
  title = {plot3D: Plotting Multi-Dimensional Data},
  author = {Karline Soetaert},
  year = {2021},
  note = {R package version 1.4},
  url = {https://CRAN.R-project.org/package=plot3D},
}

@Manual{R-randtoolbox,
  title = {randtoolbox: Toolbox for Pseudo and Quasi Random Number Generation and Random
Generator Tests},
  author = {R port by Yohan Chalabi and Christophe Dutang and Petr Savicky and Diethelm Wuertz with some underlying C codes of the SFMT algorithm from M. Matsumoto and M. Saito and  the Knuth-TAOCP RNG from D. Knuth.},
  year = {2021},
  note = {R package version 1.31.1},
  url = {https://CRAN.R-project.org/package=randtoolbox},
}

@Manual{R-rmarkdown,
  title = {rmarkdown: Dynamic Documents for R},
  author = {JJ Allaire and Yihui Xie and Jonathan McPherson and Javier Luraschi and Kevin Ushey and Aron Atkins and Hadley Wickham and Joe Cheng and Winston Chang and Richard Iannone},
  year = {2021},
  note = {R package version 2.10},
  url = {https://CRAN.R-project.org/package=rmarkdown},
}

@Manual{R-rngWELL,
  title = {rngWELL: Toolbox for WELL Random Number Generators},
  author = {C code by F. Panneton and P. L'Ecuyer and M. Matsumoto and R port by Christophe Dutang and Petr Savicky.},
  year = {2021},
  note = {R package version 0.10-7},
  url = {https://CRAN.R-project.org/package=rngWELL},
}

@Manual{R-simres,
  title = {simres: Simulation and resampling techniques},
  author = {Ruben Fernandez-Casal},
  year = {2022},
  note = {R package version 0.1.3},
  url = {https://github.com/rubenfcasal/simres},
}

@Manual{R-sm,
  title = {sm: Smoothing Methods for Nonparametric Regression and Density
Estimation},
  author = {Adrian Bowman and Adelchi Azzalini},
  year = {2018},
  note = {R package version 2.2-5.6},
  url = {http://www.stats.gla.ac.uk/~adrian/sm},
}

@Manual{R-tictoc,
  title = {tictoc: Functions for Timing R Scripts, as Well as Implementations of
Stack and List Structures},
  author = {Sergei Izrailev},
  year = {2021},
  note = {R package version 1.0.1},
  url = {https://github.com/collectivemedia/tictoc},
}

@Manual{R-tseries,
  title = {tseries: Time Series Analysis and Computational Finance},
  author = {Adrian Trapletti and Kurt Hornik},
  year = {2020},
  note = {R package version 0.10-48},
  url = {https://CRAN.R-project.org/package=tseries},
}

@Book{bookdown2016,
  title = {bookdown: Authoring Books and Technical Documents with {R} Markdown},
  author = {Yihui Xie},
  publisher = {Chapman and Hall/CRC},
  address = {Boca Raton, Florida},
  year = {2016},
  note = {ISBN 978-1138700109},
  url = {https://bookdown.org/yihui/bookdown},
}

@Book{boot1997,
  title = {Bootstrap Methods and Their Applications},
  author = {A. C. Davison and D. V. Hinkley},
  publisher = {Cambridge University Press},
  address = {Cambridge},
  year = {1997},
  note = {ISBN 0-521-57391-2},
  url = {http://statwww.epfl.ch/davison/BMA/},
}

@Book{car2019,
  title = {An {R} Companion to Applied Regression},
  edition = {Third},
  author = {John Fox and Sanford Weisberg},
  year = {2019},
  publisher = {Sage},
  address = {Thousand Oaks {CA}},
  url = {https://socialsciences.mcmaster.ca/jfox/Books/Companion/},
}

@Article{copula2007,
  title = {Enjoy the Joy of Copulas: With a Package {copula}},
  author = {{Jun Yan}},
  journal = {Journal of Statistical Software},
  year = {2007},
  volume = {21},
  number = {4},
  pages = {1--21},
  url = {https://www.jstatsoft.org/v21/i04/},
}

@Article{copula2010,
  title = {Modeling Multivariate Distributions with Continuous Margins Using the {copula} {R} Package},
  author = {{Ivan Kojadinovic} and {Jun Yan}},
  journal = {Journal of Statistical Software},
  year = {2010},
  volume = {34},
  number = {9},
  pages = {1--20},
  url = {https://www.jstatsoft.org/v34/i09/},
}

@Article{copula2011,
  title = {Nested Archimedean Copulas Meet {R}: The {nacopula} Package},
  author = {{Marius Hofert} and {Martin M\"achler}},
  journal = {Journal of Statistical Software},
  year = {2011},
  volume = {39},
  number = {9},
  pages = {1--20},
  url = {https://www.jstatsoft.org/v39/i09/},
}

@Article{DEoptim2011a,
  title = {{DEoptim}: An {R} Package for Global Optimization by {D}ifferential {E}volution},
  author = {Katharine Mullen and David Ardia and David Gil and Donald Windover and James Cline},
  journal = {Journal of Statistical Software},
  year = {2011},
  volume = {40},
  number = {6},
  pages = {1--26},
  doi = {10.18637/jss.v040.i06},
}

@Article{DEoptim2011b,
  title = {{D}ifferential {E}volution with {DEoptim}: {A}n Application to Non-Convex Portfolio Optimization},
  author = {David Ardia and Kris Boudt and Peter Carl and Katharine M. Mullen and Brian G. Peterson},
  journal = {R Journal},
  year = {2011},
  volume = {3},
  number = {1},
  pages = {27--34},
  doi = {10.32614/RJ-2011-005},
}

@Article{forecast2008,
  title = {Automatic time series forecasting: the forecast package for {R}},
  author = {Rob J Hyndman and Yeasmin Khandakar},
  journal = {Journal of Statistical Software},
  volume = {26},
  number = {3},
  pages = {1--22},
  year = {2008},
  url = {https://www.jstatsoft.org/article/view/v027i03},
}

@Book{knitr2015,
  title = {Dynamic Documents with {R} and knitr},
  author = {Yihui Xie},
  publisher = {Chapman and Hall/CRC},
  address = {Boca Raton, Florida},
  year = {2015},
  edition = {2nd},
  note = {ISBN 978-1498716963},
  url = {https://yihui.org/knitr/},
}

@InCollection{knitr2014,
  booktitle = {Implementing Reproducible Computational Research},
  editor = {Victoria Stodden and Friedrich Leisch and Roger D. Peng},
  title = {knitr: A Comprehensive Tool for Reproducible Research in {R}},
  author = {Yihui Xie},
  publisher = {Chapman and Hall/CRC},
  year = {2014},
  note = {ISBN 978-1466561595},
  url = {http://www.crcpress.com/product/isbn/9781466561595},
}

@Book{MASS2002,
  title = {Modern Applied Statistics with S},
  author = {W. N. Venables and B. D. Ripley},
  publisher = {Springer},
  edition = {Fourth},
  address = {New York},
  year = {2002},
  note = {ISBN 0-387-95457-0},
  url = {https://www.stats.ox.ac.uk/pub/MASS4/},
}

@Book{rmarkdown2018,
  title = {R Markdown: The Definitive Guide},
  author = {Yihui Xie and J.J. Allaire and Garrett Grolemund},
  publisher = {Chapman and Hall/CRC},
  address = {Boca Raton, Florida},
  year = {2018},
  note = {ISBN 9781138359338},
  url = {https://bookdown.org/yihui/rmarkdown},
}

@Book{rmarkdown2020,
  title = {R Markdown Cookbook},
  author = {Yihui Xie and Christophe Dervieux and Emily Riederer},
  publisher = {Chapman and Hall/CRC},
  address = {Boca Raton, Florida},
  year = {2020},
  note = {ISBN 9780367563837},
  url = {https://bookdown.org/yihui/rmarkdown-cookbook},
}

@Manual{sm2018,
  title = {{R} package \texttt{sm}: nonparametric smoothing methods (version 2.2-5.6)},
  author = {A. W. Bowman and A. Azzalini},
  address = {University of Glasgow, UK and Universit\`a di Padova, Italia},
  year = {2018},
  url = {http://www.stats.gla.ac.uk/~adrian/sm/},
}

